%% This BibTeX bibliography file was created using BibDesk.
%% http://bibdesk.sourceforge.net/


%% Created for Jonathan Thorpe at 2013-01-04 16:07:45 +0100 


%% Saved with string encoding Unicode (UTF-8) 



@inproceedings{garnett99,
	Address = {San Francisco, CA},
	Author = {Garnett, G. and Goudeseune C.},
	Date-Added = {2013-01-04 11:27:41 +0000},
	Date-Modified = {2013-01-04 15:07:24 +0000},
	Journal = {Proc. of the 1999 International Computer Music Conference},
	Organization = {International Computer Music Association},
	Title = {Performance Factors in Control of High-Dimensional Spaces},
	Year = {1999}}

@inproceedings{fels98,
	Address = {Osaka},
	Author = {Fels, S. S. and Mase, K},
	Booktitle = {AMCP '98 : advanced multimedia content processing},
	Date-Added = {2008-11-20 12:06:49 +0000},
	Date-Modified = {2008-11-20 12:14:58 +0000},
	Month = {November},
	Title = {InvenTcl: A fast prototyping environment for 3D graphics and multimedia applications},
	Year = {1998}}

@inproceedings{mulder98,
	Address = {Whistler, BC, Canada},
	Author = {Mulder, A. G. E. and Fels, S. S.},
	Booktitle = {Proceedings of the Western Computer Graphics Symposium},
	Date-Added = {2008-11-20 11:16:44 +0000},
	Date-Modified = {2008-11-20 12:43:38 +0000},
	Month = {April},
	Title = {Sound Sculpting: Manipulating Sound through Virtual Sculpting},
	Year = {1998}}

@inproceedings{bevilacqua05,
	Address = {Vancouver},
	Author = {Bevilacqua, F. and M{\"{u}}ller, R. and Schnell, N.},
	Booktitle = {New Interfaces for Musical Expression},
	Date-Added = {2008-11-20 10:30:46 +0000},
	Date-Modified = {2008-11-20 10:32:59 +0000},
	Title = {MnM: a Max/MSP mapping toolbox},
	Year = {2005}}

@inproceedings{schoonderwaldt06,
	Author = {Schoonderwaldt, E. and Rasamimanana, N. and Bevilacqua, F.},
	Booktitle = {6th International Conference on New Interfaces for Musical Expression},
	Date-Added = {2008-11-20 01:44:34 +0000},
	Date-Modified = {2008-11-20 01:46:24 +0000},
	Title = {Combining accelerometer and video camera: Reconstruction of bow velocity profiles},
	Year = {2006}}

@inproceedings{bevilacqua04,
	Address = {Lyon},
	Author = {Bevilacqua, F. and Fl{\'{e}}ty, E.},
	Booktitle = {Rencontres Musicales Pluridisciplinaires - le corps \& la musique},
	Date-Added = {2008-11-19 11:51:04 +0000},
	Date-Modified = {2008-11-19 20:08:28 +0000},
	Title = {Captation et analyse du mouvement pour l'interaction entre danse et musique},
	Year = {2004}}

@inproceedings{mulder97,
	Author = {Mulder, A. and Fels, S. and Mase, K},
	Booktitle = {Kansei, The Technology of Emotion. Proceedings of the AIMI International Workshop},
	Date-Added = {2008-11-19 11:47:04 +0000},
	Date-Modified = {2008-11-19 11:49:25 +0000},
	Editor = {Genoa: Associazione di Informatica Musicale Italiana},
	Month = {October 3-4},
	Title = {Empty-handed Gesture Analysis in Max/FTS},
	Year = {1997}}

@inbook{bevilacqua06,
	Address = {Berlin},
	Author = {Bevilacqua, F. and Rasamimanana, N. and Schnell, N.},
	Chapter = {Interfaces gestuelles, captation du mouvement et cr{\'{e}}ation artistique},
	Date-Added = {2008-11-19 11:42:31 +0000},
	Date-Modified = {2008-11-19 20:16:44 +0000},
	Publisher = {Editions L{\'{e}}o Scheer},
	Title = {Titre %L'inou{\"\i} \#2. Revue de l'Ircam},
	Year = {2006}}

@book{wanderley00,
	Author = {Wanderley, M. M. and Battier, M.},
	Date-Added = {2008-11-10 23:39:45 +0000},
	Date-Modified = {2008-11-19 10:49:26 +0000},
	Publisher = {Ircam - Centre Pompidou},
	Title = {Trends in Gestural Control of Music},
	Year = {2000}}

@inproceedings{bevilacqua07,
	Address = {New York, NY, USA},
	Author = {Bevilacqua, F. and Gu{\'{e}}dy, F. and Fl{\'{e}}ty, E. and Leroy, N.},
	Booktitle = {Proceedings of the 2007 Conference on New Interfaces for Musical Expression (NIME07)},
	Date-Added = {2008-11-09 20:53:50 +0000},
	Date-Modified = {2008-11-09 20:57:10 +0000},
	Pages = {124--129},
	Title = {Wireless sensor interface and gesture-follower for music pedagogy},
	Year = {2007}}

@inproceedings{schnell05b,
	Address = {Madrid, Spain},
	Author = {Schnell, N. and Schwarz, D.},
	Booktitle = {Proceedings of the 8th International Conference on Digital Audio Effects (DAFx'05)},
	Date-Added = {2008-11-09 20:29:54 +0000},
	Date-Modified = {2008-11-20 10:33:50 +0000},
	Month = {September},
	Title = {Gabor, Multi-Representation Real-time Analysis/Synthesis},
	Year = {2005}}

@inproceedings{schnell05a,
	Address = {Barcelona},
	Author = {Schnell, N. and Borghesi, R. and Schwarz, D. and Bevilacqua, F. and M{\"{u}}ller, R.},
	Booktitle = {International Computer Music Conference (ICMC)},
	Date-Added = {2008-11-09 20:03:14 +0000},
	Date-Modified = {2008-11-20 10:33:58 +0000},
	Title = {FTM --- Complex data structures for Max},
	Year = {2005}}

@inproceedings{schnell02,
	Address = {Dublin, Ireland,},
	Author = {Schnell, N. and Battier, M.},
	Booktitle = {Proceedings of the 2002 Conference on New Instruments for Musical Expression (NIME-02)},
	Date-Added = {2008-11-09 16:33:04 +0000},
	Date-Modified = {2008-11-20 10:34:10 +0000},
	Month = {May},
	Pages = {1--5},
	Title = {Introducing Composed Instruments, Technical and Musicological Implications},
	Year = {2002}}

@inproceedings{leung04,
	Author = {Leung, J. and Carlile, S.},
	Booktitle = {Proceedings of the ARO Midwinter meeting Conference},
	Date-Added = {2008-10-16 23:37:47 +0100},
	Date-Modified = {2008-10-16 23:39:49 +0100},
	Pages = {208},
	Title = {Spatial resolution along a cone of confusion},
	Volume = {27},
	Year = {2004}}

@article{lin04,
	Author = {Lin, H.W. and Tai, C.L. and Wang, G.J.},
	Date-Added = {2008-09-17 23:05:31 +0100},
	Date-Modified = {2008-09-17 23:07:16 +0100},
	Journal = {Computer-Aided Design},
	Pages = {1--9},
	Title = {A mesh reconstruction algorithm driven by an intrinsic property of a point cloud},
	Volume = {36},
	Year = {2004}}

@article{morimoto84,
	Author = {Morimoto, M. and Aokata, H.},
	Date-Added = {2008-09-14 22:44:46 +0100},
	Date-Modified = {2008-09-14 22:46:16 +0100},
	Journal = {Journal of the Acoustical Society of Japan (E)},
	Pages = {165--173},
	Title = {Localization cues of sound sources in the upper hemisphere},
	Volume = {5},
	Year = {1984}}

@book{amidor00,
	Author = {Amidor, I.},
	Date-Added = {2008-09-13 23:32:56 +0100},
	Date-Modified = {2008-09-13 23:34:12 +0100},
	Publisher = {Springer},
	Series = {ISBN 0792359496, 9780792359494},
	Title = {The Theory of the Moire Phenomenon},
	Year = {2000}}

@article{rogers92,
	Author = {Rogers, M.E. and Butler, R.A.},
	Date-Added = {2008-09-13 23:06:46 +0100},
	Date-Modified = {2008-09-13 23:17:13 +0100},
	Journal = {Perceptual Psychophysiology},
	Pages = {536--546},
	Title = {The linkage between stimulus frequency and covert peak areas as it relates to monaural localization},
	Volume = {52},
	Year = {1992}}

@article{musicant84b,
	Author = {Musicant, A.D. and Butler, R.A.},
	Date-Added = {2008-09-13 23:03:21 +0100},
	Date-Modified = {2008-09-13 23:16:59 +0100},
	Journal = {Hearing Research},
	Pages = {185--190},
	Title = {The psychophysical basis of monaural localization},
	Volume = {14},
	Year = {1984}}

@article{flannery81,
	Author = {Flannery, R and Butler, R.A.},
	Date-Added = {2008-09-13 23:00:10 +0100},
	Date-Modified = {2008-09-13 23:01:36 +0100},
	Journal = {Perceptual Psychophysiology},
	Pages = {438--444},
	Title = {Spectral cues provided by the pinna for monaural localization in the horizontal plane.},
	Volume = {29},
	Year = {1981}}

@article{macpherson97,
	Author = {Macpherson, E.A.},
	Date-Added = {2008-09-13 22:55:00 +0100},
	Date-Modified = {2008-09-13 22:56:03 +0100},
	Journal = {Journal of the Acoustical Society of America},
	Pages = {3104},
	Title = {A comparison of spectral correlation and local feature-matching models of pinna cue processing.},
	Volume = {101},
	Year = {1997}}

@article{morimoto80,
	Author = {Morimoto, M. and Ando, Y},
	Date-Added = {2008-09-13 22:44:37 +0100},
	Date-Modified = {2008-09-14 22:44:44 +0100},
	Journal = {Journal of the Acoustical Society of Japan (E)},
	Pages = {167--174},
	Title = {On the simulation of sound localization},
	Volume = {1},
	Year = {1980}}

@inproceedings{macpherson94,
	Author = {Macpherson, E.A.},
	Booktitle = {Proceedings of the Second International Conference on Auditory Display, ICAD '94},
	Date-Added = {2008-09-13 22:33:10 +0100},
	Date-Modified = {2008-09-13 23:28:04 +0100},
	Editor = {G. Kramer and S. Smith},
	Organization = {Santa Fe Institute, Santa Fe},
	Pages = {187--194},
	Title = {On the role of head-related transfer function spectral notches in the judgment of sound source elevation},
	Year = {1994}}

@article{carlile94,
	Author = {Carlile, S. and Pralong, D},
	Date-Added = {2008-09-13 22:29:21 +0100},
	Date-Modified = {2008-09-13 22:31:08 +0100},
	Journal = {Journal of the Acoustical Society of America},
	Number = {6},
	Pages = {3445--3459},
	Title = {The location-dependent nature of perceptually salient features of the human head-related transfer function},
	Volume = {95},
	Year = {1994}}

@article{morimoto03b,
	Author = {Morimoto, M. and Iida, K. and Itoh, M.},
	Date-Added = {2008-09-13 22:21:19 +0100},
	Date-Modified = {2008-09-13 22:23:13 +0100},
	Journal = {Acoustical Science and Technology},
	Pages = {267--275},
	Title = {Upper hemisphere sound localization using head related transfer functions in the median plane and interaural differences},
	Volume = {24},
	Year = {2003}}

@article{martin04,
	Author = {Martin, R.L. and Paterson, M. and McAnally, K.I.},
	Date-Added = {2008-09-13 22:16:06 +0100},
	Date-Modified = {2008-09-13 22:18:59 +0100},
	Journal = {Journal of the Association for Research in Otolaryngology},
	Pages = {80--89},
	Title = {Utility of monaural spectral cues is enhanced in the presence of cues to sound-source lateral angle},
	Volume = {5},
	Year = {2004}}

@article{vanwanrooij04,
	Author = {Van Wanrooij, M.M and Van Opstal, A. J.},
	Date-Added = {2008-09-11 22:57:31 +0100},
	Date-Modified = {2008-09-11 22:59:36 +0100},
	Journal = {Journal of Neuroscience},
	Pages = {4163--4171},
	Title = {Contribution of head shadow and pinna cues to chronic monaural sound localization},
	Volume = {24},
	Year = {2004}}

@article{oldfiled86,
	Author = {Oldfiled, S.R. and Parker, S.P.A.},
	Date-Added = {2008-09-11 22:54:00 +0100},
	Date-Modified = {2008-09-11 22:55:24 +0100},
	Journal = {Perception},
	Pages = {61--81},
	Title = {Acuity of sound localization: A topography of auditory space. III. Monaural hearing conditions},
	Volume = {15},
	Year = {1986}}

@article{gatehouse76,
	Author = {Gatehouse, R.W.},
	Date-Added = {2008-09-11 22:49:45 +0100},
	Date-Modified = {2008-09-11 22:51:15 +0100},
	Journal = {Journal of Auditory Research},
	Pages = {263--273},
	Title = {Further research in localization of sound by completely monaural subjects},
	Volume = {16},
	Year = {1976}}

@article{butler90,
	Author = {Butler, R.A. and Humanski, R.A. and Musicant, A.D.},
	Date-Added = {2008-09-11 22:43:20 +0100},
	Date-Modified = {2008-09-11 22:45:44 +0100},
	Journal = {Perception},
	Pages = {241--256},
	Title = {Binaural and monaural localization of sound in two-dimensional space},
	Volume = {19},
	Year = {1990}}

@article{slattery94,
	Author = {Slattery, W.H and Middlebrooks, J.C.},
	Date-Added = {2008-09-11 22:40:24 +0100},
	Date-Modified = {2008-09-11 22:41:47 +0100},
	Journal = {Hearing Research},
	Pages = {38--46},
	Title = {Monaural sound localization: Acute versus chronic unilateral impairment},
	Volume = {75},
	Year = {1994}}

@article{searle75,
	Author = {Searle, C.L. and Braida, L.D. and Cuddy, D.R. and Davis, M.F.},
	Date-Added = {2008-09-11 22:37:01 +0100},
	Date-Modified = {2008-09-11 22:38:45 +0100},
	Journal = {Journal of the Acoustical Society of America},
	Pages = {448--455},
	Title = {Binaural pinna disparity: Another auditory localization cue},
	Volume = {57},
	Year = {1975}}

@article{oldfield84a,
	Author = {Oldfiled, S.R. and Parker, S.P.A.},
	Date-Added = {2008-09-11 22:30:11 +0100},
	Date-Modified = {2008-09-11 22:53:18 +0100},
	Journal = {Perception},
	Pages = {601--617},
	Title = {Acuity of sound localization: A topography of auditory space. II. Pinna cues absent},
	Volume = {13},
	Year = {1984}}

@article{hofman03,
	Author = {Hofman, P. M. and Opstal, J.},
	Date-Added = {2008-09-11 22:23:12 +0100},
	Date-Modified = {2008-09-11 22:25:24 +0100},
	Journal = {Experimental Brain Research},
	Pages = {458--470},
	Title = {Binaural weighting of pinna cues in human sound Binaural weighting of pinna cues in human sound localization},
	Volume = {148},
	Year = {2003}}

@article{wightman97,
	Author = {Wightman, F.L. and Kistler, D.J.},
	Date-Added = {2008-09-11 22:15:47 +0100},
	Date-Modified = {2008-09-11 22:17:48 +0100},
	Journal = {Journal of the Acoustical Society of America},
	Pages = {1050--1063},
	Title = {Monaural sound localization revisited},
	Volume = {101},
	Year = {1997}}

@article{macpherson96,
	Author = {Macpherson, E.A.},
	Date-Added = {2008-09-11 22:09:23 +0100},
	Date-Modified = {2008-09-11 22:12:11 +0100},
	Journal = {Journal of the Acoustical Society of America},
	Pages = {2515},
	Title = {Effects of source spectrum irregularity and uncertainty on sound localization},
	Volume = {99},
	Year = {1996}}

@article{butler93,
	Author = {Butler, R.A. and Musicant, A.D.},
	Date-Added = {2008-09-11 22:05:42 +0100},
	Date-Modified = {2008-09-11 22:07:30 +0100},
	Journal = {Hearing Research},
	Pages = {220--229},
	Title = {Binaural localization: Influence of stimulus frequency and Binaural localization: Influence of stimulus frequency and the linkage to covert peak areas.},
	Volume = {67},
	Year = {1993}}

@article{burlinghame98,
	Author = {Burlinghame, J.A. and Butler, R.A.},
	Date-Added = {2008-09-11 22:02:02 +0100},
	Date-Modified = {2008-09-11 22:03:42 +0100},
	Journal = {Perceptual Psychophysiology},
	Pages = {1374--1383},
	Title = {The eVects of attenuation of frequency segments on The effects of attenuation of frequency segments on binaural localization of sound},
	Volume = {60},
	Year = {1998}}

@article{roffler68a,
	Author = {Roffler, S.K. and Butler, R.A.},
	Date-Added = {2008-09-11 21:51:24 +0100},
	Date-Modified = {2008-09-11 21:53:50 +0100},
	Journal = {Journal of the Acoustical Society of America},
	Pages = {1255--1259},
	Title = {Factors that influence the localization of sound in the vertical plane},
	Volume = {43},
	Year = {1968}}

@article{roffler68b,
	Author = {Roffler, S.K. and Buttler, R.A.},
	Date-Added = {2008-09-11 21:48:37 +0100},
	Date-Modified = {2008-09-11 21:51:15 +0100},
	Journal = {Journal of the Acoustical Society of America},
	Pages = {1260--1266},
	Title = {Localization of tonal stimuli in the vertical plane},
	Volume = {43},
	Year = {1968}}

@article{king97,
	Author = {King, A.J. and Oldfiled, S.R.},
	Date-Added = {2008-09-11 21:45:19 +0100},
	Date-Modified = {2008-09-11 21:47:03 +0100},
	Journal = {Human Factors},
	Pages = {287--295},
	Title = {The impact of signal bandwidth on auditory localization: Implications for the design of three-dimensional audio displays},
	Volume = {39},
	Year = {1997}}

@article{butler76b,
	Author = {Butler, R.A. and Planert, N},
	Date-Added = {2008-09-11 21:33:41 +0100},
	Date-Modified = {2008-09-11 21:37:00 +0100},
	Journal = {Perceptual Psychophysiology},
	Pages = {103--108},
	Title = {The influence of stimulus bandwidth on localization of sound in The influence of stimulus bandwidth on localization of sound in space},
	Volume = {19},
	Year = {1976}}

@article{watkins78,
	Author = {Watkins, A.J.},
	Date-Added = {2008-08-19 11:53:05 +0200},
	Date-Modified = {2008-08-19 11:55:02 +0200},
	Journal = {Journal of the Acoustic Society of America},
	Number = {4},
	Pages = {1152--1165},
	Title = {Psychoacoustical aspects of synthesized vertical locale cues},
	Volume = {63},
	Year = {1978}}

@inproceedings{batteau67,
	Author = {Batteau, D.W.},
	Booktitle = {Proceedings of the Royal Society of London. Series B, Biological Sciences.},
	Date-Added = {2008-08-17 19:35:45 +0200},
	Date-Modified = {2008-08-17 19:37:23 +0200},
	Number = {1011},
	Pages = {158--180},
	Title = {The role of the pinna in human localization},
	Volume = {168},
	Year = {1967}}

@unpublished{hetherington08,
	Author = {Hetherington, C.T. and Thorpe, J.B.A and Tew, A.I.},
	Date-Added = {2008-08-06 16:37:48 +0200},
	Date-Modified = {2008-08-16 12:38:22 +0200},
	Title = {A multi-resolution approach to meshing for the boundary element method with human heads},
	Year = {2008}}

@article{Nishino07,
	Author = {Nishino, T. and Inoue, N. and Takeda, K. and Itakura, F.},
	Date-Added = {2008-08-06 13:01:48 +0200},
	Date-Modified = {2008-08-06 13:04:26 +0200},
	Journal = {Applied Acoustics},
	Pages = {897--908},
	Title = {Estimation of HRTFs on the horizontal plane using physical features},
	Volume = {68},
	Year = {2007}}

@article{Kazuhiro06,
	Author = {Kazuhiro, I. and Motokuni, I. and Atsue, I. and Masayuki, M.},
	Date-Added = {2008-08-06 12:26:08 +0200},
	Date-Modified = {2008-08-06 12:28:51 +0200},
	Journal = {Applied Acoustics},
	Title = {Median plane localization using a parametric model of the head-related transfer function based on spectral cues},
	Year = {2006}}

@conference{zotkin03,
	Author = {Zotkin, D.N. and Hwang, J and Duraiswami, R. and Davis, L.S.},
	Booktitle = {IEEE Workshop on Applications of Signal Processing to Audio and Acoustics},
	Date-Added = {2008-08-06 12:16:07 +0200},
	Date-Modified = {2008-08-06 12:19:34 +0200},
	Pages = {157--160},
	Title = {HRTF personalization using anthropomentric measurements},
	Year = {2003}}

@article{teranishi,
	Author = {Teranishi, R. and Shaw, E.A.G.},
	Date-Added = {2008-08-05 17:43:56 +0200},
	Date-Modified = {2008-08-19 11:58:43 +0200},
	Journal = {Journal of the Acoustical Society of America},
	Number = {1},
	Title = {External-Ear Acoustic Models with Simple Geometry External-Ear Acoustic Models with Simple Geometry External-Ear Acoustic Models with Simple Geometry External-ear acoustic models with simple geometry},
	Volume = {44},
	Year = {1968}}

@article{walsh03,
	Author = {Walsh, T. and Demkowicz, L. and Charles, R.},
	Date-Added = {2008-08-05 17:20:16 +0200},
	Date-Modified = {2008-08-19 11:59:14 +0200},
	Journal = {Journal of the Acoustic Society of America},
	Number = {3},
	Pages = {1033--1043},
	Title = {Boundary element modeling of the external human auditory system},
	Volume = {115},
	Year = {2003}}

@inbook{shaw97,
	Author = {Shaw, E.A.G.},
	Chapter = {Acoustical features of the human external ear},
	Date-Added = {2008-08-03 12:40:24 +0200},
	Date-Modified = {2008-08-19 11:58:08 +0200},
	Publisher = {Lawrence Erlbaum Associates, Mahwah, NJ},
	Title = {Binaural and Spatial Hearing in Binaural and Spatial Hearing in Real and Virtual Environments},
	Year = {1997}}

@techreport{johnson97,
	Author = {Johnson, A.E. and Herbert, M.},
	Date-Added = {2008-08-03 11:46:51 +0200},
	Date-Modified = {2008-08-19 11:57:26 +0200},
	Institution = {Carnegie Mellon University, School of Computer Science},
	Number = {CMU-RI-TR-96-20},
	Title = {Control of polygonal mesh resolution for 3-D computer vision},
	Year = {1997}}

@techreport{weinrich84,
	Author = {S.G. Weinrich},
	Date-Added = {2008-08-01 22:53:30 +0200},
	Date-Modified = {2008-08-03 16:59:02 +0200},
	Institution = {Technical University of Denmark},
	Number = {37},
	Title = {Sound field calculations around the human head},
	Year = {1984}}

@article{fillipi77,
	Author = {Fillipi, P.J.T.},
	Date-Added = {2008-08-01 16:40:11 +0200},
	Date-Modified = {2008-08-19 11:56:45 +0200},
	Journal = {Journal of Sound and Vibration},
	Pages = {473--500},
	Title = {Layer potentials and acoustic diffraction},
	Volume = {54},
	Year = {1977}}

@book{ciscowski91,
	Author = {Ciscowski, C.D. and Brebbia, C.A.},
	Date-Added = {2008-08-01 16:20:18 +0200},
	Date-Modified = {2008-08-01 16:38:07 +0200},
	Publisher = {Computational Mechanics Publications and Elsevier Applied Computational Mechanics Publications and Elsevier Applied Science, Southampton},
	Title = {Boundary Element Methods in Acoustics},
	Year = {1991}}

@phdthesis{kahana00,
	Author = {Kahana, Y.},
	Date-Added = {2008-08-01 11:34:21 +0200},
	Date-Modified = {2008-08-01 11:36:02 +0200},
	School = {University of Southampton},
	Title = {Numerical modelling of the head related transfer function},
	Year = {2000}}

@article{kahana06,
	Author = {Kahana, Y. and Nelson, P.A.},
	Date-Added = {2008-08-01 11:27:42 +0200},
	Date-Modified = {2008-08-01 11:30:32 +0200},
	Journal = {Journal of Sound and Vibration},
	Pages = {552--579},
	Title = {Boundary element simulations of the transfer function of human heads and baffled pinnae using accurate geometric models},
	Volume = {300},
	Year = {2007}}

@article{algazi99a,
	Author = {Algazi, V.R. and Avendano, C. and Thompson, D.},
	Journal = {Journal of the Audio Engineering Society},
	Number = {11},
	Pages = {937--947},
	Title = {Dependence of subject and measurement position in binaural signal acquisition},
	Volume = {47},
	Year = {1999}}

@inproceedings{algazi99b,
	Author = {Algazi, V.R. and Avendano, C. and Duda, R.O.},
	Title = {Low-frequency ILD elevation cues},
	Year = {1999}}

@article{algazi01a,
	Author = {Algazi, V.R. and Avendano, C. and Duda, R.O.},
	Journal = {Journal of the Acoustical Society of America},
	Number = {3},
	Pages = {1110--1122},
	Title = {Elevation localization and head-related transfer function analysis at low frequencies},
	Volume = {109},
	Year = {2001}}

@article{algazi01b,
	Author = {Algazi, V.R. and Avendano, C. and Duda, R.O.},
	Journal = {Journal of the Audio Engineering Society},
	Number = {6},
	Pages = {472--478},
	Title = {Estimation of a spherical head model from anthropometry},
	Volume = {49},
	Year = {2001}}

@inproceedings{algazi01c,
	Author = {Algazi, V.R. and Duda, R.O. and Morrison, R.P. and Thompson, D.},
	Booktitle = {Procedings of the IEEE Workshop on Applications of Signal Processing to Audio and Acoustics},
	Date-Modified = {2008-09-25 18:28:37 +0100},
	Pages = {103--106},
	Title = {Structural composition and decomposition of HRTFs},
	Year = {2001}}

@inproceedings{algazi01d,
	Author = {Algazi, V.R. and Duda, R.O. and Thompson, D.M. and Avendano, Carlos},
	Booktitle = {Proceedings of the IEEE Workshop on Applications of Signal Processing to Audio and Acoustics},
	Date-Modified = {2008-09-25 18:27:51 +0100},
	Pages = {99--103},
	Title = {The CIPIC HRTF database},
	Year = {2001}}

@inproceedings{algazi02a,
	Author = {Algazi, V.R. and Duda, R.O. and Thompson, D.M.},
	Booktitle = {Proceedings of the AES 113th Convention},
	Date-Modified = {2008-09-25 18:34:38 +0100},
	Title = {The use of head-and-torso models for improved spatial sound synthesis},
	Year = {2002}}

@article{algazi02b,
	Author = {Algazi, V.R. and Duda, R.O.},
	Journal = {Journal of the Acoustical Society of America},
	Number = {5},
	Pages = {2053--2064},
	Title = {Approximating the head-related transfer function using simple geometric models of the head and torso},
	Volume = {112},
	Year = {2002}}

@article{asano90,
	Author = {Asano, Futoshi and Sone, Toshio},
	Journal = {Journal of the Acoustical Society of America},
	Number = {1},
	Pages = {159--168},
	Title = {Role of spectral cues in median plane localization},
	Volume = {88},
	Year = {1990}}

@inproceedings{avendano99,
	Author = {Avendano, C. and Algazi, V.R. and Duda, R.O.},
	Booktitle = {Proceedings of the Workshop on Applications of Signal Processing to Audio and Acoustics},
	Date-Modified = {2008-09-25 18:29:21 +0100},
	Title = {A head-and-torso model for low-frequency binaural elevation effects},
	Year = {1999}}

@article{baker05,
	Author = {Baker, R.J. and Rosen, S.},
	Journal = {Journal of the Acoustical Society of America},
	Number = {1},
	Pages = {454--462},
	Title = {Auditory filter nonlinearity across frequency using simultaneous notched-noise masking},
	Volume = {119},
	Year = {2005}}

@article{beltrami1873,
	Author = {Beltrami, E.},
	Journal = {Giornale di Mathematiche di Battaglini},
	Pages = {98--106},
	Title = {Sulle funzioni bilineari},
	Volume = {11},
	Year = {1873}}

@book{berrar03,
	Author = {Berrar, D.P. and Dubitzky, W. and Granzow, M.},
	Publisher = {Kluwer Academic Publishers},
	Title = {A Practical Approach to Microarray Data Analysis},
	Year = {2003}}

@article{best05,
	Author = {Best, V.A. and Carlile, S. and Jin, C. and Van Schaik, A.},
	Journal = {Journal of the Acoustical Society of America},
	Number = {1},
	Pages = {353--363},
	Title = {The role of high frequencies in speech localization},
	Volume = {118},
	Year = {2005}}

@phdthesis{best06,
	Author = {Best, V.A.},
	School = {The University of Sydney, Australia},
	Title = {Spatial Hearing with Simultaneous Sound Sources: A Psychophysical Investigation},
	Year = {2006}}

@article{blauert70,
	Author = {Blauert, J.},
	Journal = {Acustica},
	Number = {4},
	Pages = {205--213},
	Title = {Sound localization in the median plane (Frequency function of sound localization in median plane measured psycho-acoustically at both ears with narrow band signals)},
	Volume = {22},
	Year = {1970}}

@book{blauert83,
	Author = {Blauert, J.},
	Publisher = {The MIT Press, Massachusetts Institute of Technology},
	Title = {Spatial Hearing},
	Year = {1983}}

@book{blauert97,
	Author = {Blauert, J.},
	Publisher = {The MIT Press, Massachusetts Institute of Technology},
	Title = {Spatial Hearing: The Psychophysics of Human Sound Localization, Revised Edition},
	Year = {1997}}

@article{blommer97,
	Author = {Blommer, M.A. and Wakefield, G.H.},
	Journal = {IEEE Transactions on Speech and Audio processing},
	Number = {3},
	Pages = {278--287},
	Title = {Pole-zero approximations for head-related transfer functions using a logarithmic error criterion},
	Volume = {5},
	Year = {1997}}

@article{bloom77,
	Author = {Bloom, P.J.},
	Journal = {Journal of the Acoustical Society of America},
	Number = {3},
	Pages = {820--828},
	Title = {Determination of monaural sensitivity changes due to the pinna by use of minimum-audible-field measurements in the lateral vertical plane},
	Volume = {61},
	Year = {1977}}

@article{bogert63,
	Author = {Bogert, B.P. and Healey M.J.R. and Tukey J.W.},
	Journal = {Proceedings of the Symposium on Time Series Analysis},
	Pages = {209--243},
	Title = {The quefrecy analysis of time series for echoes: cepstrum, pseudo-autocovariance, cross-cepstrum, and saphe cracking},
	Year = {1963}}

@article{bonham99,
	Author = {Bonham, B.H. and Lewis, E.R.},
	Journal = {Journal of the Acoustical Society of America},
	Number = {1},
	Pages = {281--290},
	Title = {Localization by interaural time difference (ITD): Effects of interaural frequency mismatch},
	Volume = {106},
	Year = {1999}}

@book{brebbia92,
	Author = {Brebbia, C.A. and Dominguez, J.},
	Publisher = {WITPRESS Computational Mechanics Publications},
	Title = {Boundary Elements: An Introductory Course},
	Year = {1992}}

@article{breebaart99,
	Author = {Breebaart, J. and van de Par, S. and Kohlrausch, A.},
	Journal = {Journal of the Acoustical Society of America},
	Number = {2},
	Pages = {979--992},
	Title = {The contribution of static and dynamically varying ITDs and IIDs to binaural detection},
	Volume = {106},
	Year = {1999}}

@article{bronkhorst95,
	Author = {Bronkhorst, A.W.},
	Journal = {Journal of the Acoustical Society of America},
	Number = {5},
	Pages = {2542--2553},
	Title = {Localization of real and virtual sound sources},
	Volume = {98},
	Year = {1995}}

@unpublished{brown97,
	Author = {Brown, C.P. and Duda, R.O.},
	Title = {An efficient HRTF model for 3-D sound},
	Year = {1997}}

@article{brown98,
	Author = {Brown, C.P. and Duda, R.O.},
	Journal = {IEEE Transactions on Speech and Audio processing},
	Number = {5},
	Pages = {476--488},
	Title = {A structural model for binaural sound synthesis},
	Volume = {6},
	Year = {1998}}

@article{butler76a,
	Author = {Butler, R.A. and Belendiuk, K.},
	Date-Modified = {2008-09-11 21:37:27 +0100},
	Journal = {Journal of the Acoustical Society of America},
	Number = {5},
	Pages = {1264--1269},
	Title = {Spectral cues utilised in the localization of sound in the median sagittal plane},
	Volume = {61},
	Year = {1977}}

@article{butler83,
	Author = {Butler, R.A. and Helwig, C.C.},
	Journal = {American Journal of Otolaryngology},
	Pages = {165--173},
	Title = {The spatial attributes of stimulus frequency in the median sagittal plane and their role in sound localization},
	Volume = {4},
	Year = {1983}}

@article{butler86,
	Author = {Butler, R.A.},
	Date-Modified = {2008-09-11 21:42:28 +0100},
	Journal = {Hearing Research},
	Number = {1},
	Pages = {67--73},
	Title = {The bandwidth effect on monaural and binaural localization.},
	Volume = {21},
	Year = {1986}}

@article{carlile99,
	Author = {Carlile, S. and Delaney, S. and Corderoy, A.},
	Journal = {Hearing Research},
	Pages = {175--189},
	Title = {The localisation of spectrally restricted sounds by human listeners},
	Volume = {128},
	Year = {1999}}

@book{chambers77,
	Author = {Chambers, J.M.},
	Publisher = {New York: Wiley},
	Title = {Computational Methods for Data Analysis},
	Year = {1977}}

@article{chandler92,
	Author = {Chandler, D.W. and Grantham, D.W},
	Journal = {Journal of the Acoustical Society of America},
	Number = {3},
	Pages = {1624--1636},
	Title = {Minimum audible movement angle in the horizontal plane as a function of stimulus frequency and bandwidth, source azimuth, and velocity},
	Volume = {91},
	Year = {1992}}

@article{cheng01,
	Author = {Cheng, C.I. and Wakefield, G.H},
	Journal = {Journal of the Audio Engineering Society},
	Number = {4},
	Pages = {231--249},
	Title = {Introduction to Head-Related Transfer Functions (HRTFs): Representations of HRTFs in Time, Frequency, and Space},
	Volume = {49},
	Year = {2001}}

@article{cheong01,
	Author = {Cheong, H.B.},
	Journal = {Journal of Computational Physics},
	Number = {1},
	Pages = {327--349},
	Title = {Double Fourier series on a sphere: Applications to elliptic and vorticity equations},
	Volume = {157},
	Year = {2001}}

@article{damaske69,
	Author = {Damaske, P. and Wagener, B.},
	Journal = {Acoustica},
	Pages = {30--35},
	Title = {Richtungsh{\"{o}}rversuche {\"{u}}ber einen nachgebildeten Kopt},
	Volume = {21},
	Year = {1969}}

@article{dawkins90,
	Author = {Dawkins, B.},
	Journal = {Amer. Statistician},
	Pages = {58--60},
	Title = {Reply to `Comment on Dawkins' (1989) by W.F Kufheld},
	Volume = {44},
	Year = {1990}}

@book{diamantras96,
	Author = {Diamantras, K.I. and Kung, S.Y.},
	Publisher = {New York: Wiley},
	Title = {Principal Component Neural Network Theory and Applications},
	Year = {1996}}

@inproceedings{duda97a,
	Author = {Algazi, V.R. and Divenyi, P.L. and Duda, R.O.},
	Pages = {877--880},
	Title = {Subject dependent transfer functions in spatial hearing},
	Year = {1997}}

@article{duda98,
	Author = {Duda, R.O. and Martens, W.L.},
	Journal = {Journal of the Acoustical Society of America},
	Number = {5},
	Pages = {3048--3058},
	Title = {Range-dependence of the response of a spherical head model},
	Volume = {104},
	Year = {1998}}

@article{durant02,
	Author = {Durant, E.A. and Wakefield, G.H.},
	Journal = {IEEE Transactions on Speech and Audio Processing},
	Pages = {18--27},
	Title = {Efficient Model Fitting Using a Genetic Algorithm: Pole-Zero Approximations of HRTFs},
	Year = {2002}}

@book{emery01,
	Author = {Emery, W.J. and Thomson, R.E.},
	Publisher = {Elsevier},
	Title = {Data analusis methods in physical oceanography},
	Year = {2001}}

@article{evans98,
	Author = {Evans, M.J. and Angus, J.A.S. and Tew, A.I.},
	Journal = {Journal of the Acoustical Society of America},
	Number = {4},
	Pages = {2400--2411},
	Title = {Analyzing head-related transfer functions using surface spherical harmonics},
	Volume = {104},
	Year = {1998}}

@book{everitt01,
	Author = {Everitt, B.S. and Dunn, G.},
	Publisher = {Arnold},
	Title = {Applied Multivariate Data Analysis, Second Edition},
	Year = {2001}}

@article{gardner73,
	Author = {Gardner, M.B},
	Journal = {Journal of the Acoustical Society of America},
	Pages = {1489--1495},
	Title = {Some monaural and binaural facets of median plane localization},
	Volume = {54},
	Year = {1973}}

@article{gardner74,
	Author = {Gardner, M.B. and Gardner, R.S.},
	Journal = {Journal of the Acoustical Society of America},
	Pages = {400--408},
	Title = {Problem of localization in the median plane: Effect of pinna cavity occlusion},
	Volume = {53},
	Year = {1974}}

@article{gill00,
	Author = {Gill, D. and Troyansky, L. and Nelken, I.},
	Journal = {Neurocomputing},
	Number = {33},
	Pages = {767--773},
	Title = {Auditory localization using direction-dependent spectral information},
	Volume = {32},
	Year = {2000}}

@article{glasberg90,
	Author = {Glasberg, B.R. and Moore, B.C.J.},
	Journal = {Hearing Research},
	Pages = {99--122},
	Title = {Derivation of auditory filter shapes from notched-noise data},
	Volume = {44},
	Year = {1990}}

@book{gnanadesikan77,
	Author = {Gnanadesikan, R.},
	Publisher = {New York: Wiley},
	Title = {Methods for Statistical Data Analysis of Multivariate Observations},
	Year = {1977}}

@article{grantham85,
	Author = {Grantham, D.W.},
	Journal = {J. Acoust. Soc. Am. Suppl. 1},
	Pages = {S50},
	Title = {Auditory spatial resolution under static and dynamic conditions},
	Volume = {77},
	Year = {1985}}

@article{grantham86,
	Author = {Grantham, D.W.},
	Journal = {Journal of the Acoustical Society of America},
	Number = {6},
	Title = {Detection and discrimination of simulated motion of auditory targets in the horizontal plane},
	Volume = {79},
	Year = {1986}}

@article{gupta04,
	Author = {Gupta, N. and Barreto, A. and Coudhury, M.},
	Journal = {Second LACCEI International Latin American and Caribbean Conference for Engineering and Technology},
	Title = {Modeling Head-Related Transfer Functions Based on Pinna Anthropometry},
	Year = {2004}}

@article{haneda99,
	Author = {Haneda, Y. and Makino, S. and Kaneda, Y. and Kitawaki, N.},
	Journal = {IEEE Transactions on Speech and Audio Processing},
	Pages = {188--196},
	Title = {Common-Acoustical-Pole and Zero Modeling of Head-Related Transfer Functions},
	Year = {1999}}

@article{harris71,
	Author = {Harris, J.D. and Sergeant, R.L},
	Journal = {Journal of Speech and Hearing Research},
	Pages = {618--629},
	Title = {Monaural/binaural minimum audible angles for a moving sound source},
	Volume = {14},
	Year = {1971}}

@article{hartmann89,
	Author = {Hartmann, W.M. and Rakerd, B.},
	Journal = {Journal of the Acoustical Society of America},
	Number = {5},
	Pages = {2031--2041},
	Title = {On the minimum audible angle - A decision theory approach},
	Volume = {85},
	Year = {1989}}

@techreport{hartmann02,
	Author = {Hartmann, R. and Pohlmann, K. and Heber, K.},
	Institution = {The Engineering Society For Advancing Mobility Land Sea Air and Space},
	Series = {SAE Technical Paper Series},
	Title = {High Frequency Effects on Localization and Sound Perception in a Small Acoustic Space},
	Year = {2002}}

@article{hartung96,
	Author = {Hartung, K. and Raab, A.},
	Journal = {Acustica},
	Title = {Efficient modelling of head-related transfer functions},
	Volume = {82},
	Year = {1996}}

@article{hebrank74a,
	Author = {Hebrank, J. and Wright, D.},
	Date-Modified = {2008-09-13 23:18:58 +0100},
	Journal = {Journal of the Acoustical Society of America},
	Number = {6},
	Title = {Spectral cues used in the localization of sound sources on the median plane},
	Volume = {56},
	Year = {1974}}

@article{hetherington03a,
	Author = {Hetherington, C.T. and Tew, A.I.},
	Journal = {AES 114th Convention, Amsterdam, The Netherlands},
	Title = {Parameterizing human pinna shape for the estimation of head-related transfer functions},
	Year = {2003}}

@article{hetherington03b,
	Author = {Hetherington, C.T. and Tew, A.I. and Tao, Y.},
	Journal = {IEEE International Conference on Acoustics, Speech and Signal Processing},
	Title = {Three-dimensional elliptic fourier methods for the parameterization of human pinna shape},
	Year = {2003}}

@phdthesis{hetherington04,
	Author = {Hetherington, C.T.},
	School = {University of York, UK},
	Title = {HRTF Estimation by Shape Parameterisation of the Human Head and Pinnae},
	Year = {2004}}

@article{hofman98,
	Author = {Hofman, P. M. and Van Opstal, A. J.},
	Journal = {Journal of the Acoustical Society of America},
	Number = {5},
	Part = {1},
	Title = {Spectro-temporal factors in two-dimensional human sound localization},
	Volume = {103},
	Year = {1998}}

@article{hotelling33,
	Author = {Hotelling, H.},
	Journal = {J. Educ. Psychol.},
	Title = {Analysis of a complex of statistical variables into principal components},
	Volume = {24},
	Year = {1933}}

@article{hotelling36,
	Author = {Hotelling, H.},
	Journal = {Psychometrika},
	Pages = {27--35},
	Title = {Simplified calculation of principal components},
	Volume = {1},
	Year = {1936}}

@article{humanski88,
	Author = {Humanski, R.A. and Buttler, R.A.},
	Journal = {Journal of the Acoustical Society of America},
	Number = {6},
	Pages = {2300--2310},
	Title = {The contribution of the near and far ear toward localization of sound in the sagittal plane},
	Volume = {83},
	Year = {1988}}

@article{jain96,
	Author = {Jain, A.K. and Zhong, Y. and Lakshmanan, S.},
	Journal = {IEEE Transactions on Pattern Analysis and Machine Intelligence},
	Number = {3},
	Pages = {267--278},
	Title = {Object matching using deformable templates},
	Volume = {18},
	Year = {1996}}

@article{jain98,
	Author = {Jain, A.K. and Zhong, Y. and Dubuisson-Jolly, M.},
	Journal = {Signal Processing},
	Number = {2},
	Pages = {109--129},
	Title = {Deformable template models: a review},
	Volume = {71},
	Year = {1998}}

@article{jin00a,
	Author = {Jin, C. and Schenkel, M. and Carlile, S.},
	Journal = {Journal of the Acoustical Society of America},
	Number = {3},
	Pages = {1215--1235},
	Title = {Neural system identification model of human sound localization},
	Volume = {108},
	Year = {2000}}

@inproceedings{jin00b,
	Author = {Jin, C. and Leong, P. and Leung, J. and Corderoy, A. and Carlile, S.},
	Booktitle = {Proceeding of the First IEEE Pacific-Rim Conference on Multimedia (International Symposium on Multimedia Information)},
	Date-Modified = {2008-09-25 18:31:00 +0100},
	Pages = {235--238},
	Title = {Enabling individualized virtual auditory space using morphological measurements},
	Year = {2000}}

@article{jin04a,
	Author = {Jin, C. and Corderoy, A. and Carlile, S. and Van Schaik, A.},
	Journal = {Journal of the Acoustical Society of America},
	Number = {6},
	Pages = {3124--3141},
	Title = {Contrasting monaural and interaural spectral cues for human sound localization},
	Volume = {115},
	Year = {2004}}

@book{jolliffe02,
	Author = {Jolliffe, I.T.},
	Publisher = {Springer},
	Title = {Principal Component Analysis, Second Edition},
	Year = {2002}}

@book{johnson02,
	Author = {Johnson, R.A. and Wichern, D.W.},
	Publisher = {Pearson Education International},
	Title = {Applied Multivariate Statistical Analysis, Fifth Edition},
	Year = {2002}}

@article{jordan1874,
	Author = {Jordan, M.C.},
	Journal = {J. Math. Pures Appl.},
	Pages = {35-54},
	Title = {M{\'{e}}moire sur les formes bilin{\'{e}}aires.},
	Volume = {19},
	Year = {1874}}

@inproceedings{kahana98,
	Author = {Kahana, Y. and Nelson, P.A. and Petyt, M. and Choi, S.},
	Title = {Boundary element simulation of HRTFs and sound fields produced by virtual acoustic imaging systems},
	Year = {1998}}

@article{kahana05,
	Author = {Kahana, Y. and Nelson, P.A.},
	Journal = {Journal of Sound and Vibration},
	Pages = {148-178},
	Title = {Numerical modelling of the spatial acoustic response of the human pinna},
	Volume = {292},
	Year = {2005}}

@phdthesis{katz98,
	Author = {Katz, B.F.G.},
	School = {Pennsylvania State University},
	Title = {Measurement and calculation of individual head-related transfer functions using a boundary element model including the measurement and effect of skin and hair impedance},
	Year = {1998}}

@article{katz01a,
	Author = {Katz, B.F.G.},
	Journal = {Journal of the Acoustic Society of America},
	Number = {5},
	Pages = {2440--2448},
	Part = {1},
	Title = {Boundary element method calculation of individual head related transfer function. I. Rigid model calculation},
	Volume = {110},
	Year = {2001}}

@article{katz01b,
	Author = {Katz, B.F.G.},
	Journal = {Journal of the Acoustic Society of America},
	Number = {5},
	Pages = {2440--2448},
	Title = {Boundary element method calculation of individual head related transfer function. II. Impedance effects and comparison to real measurements},
	Volume = {110},
	Year = {2001}}

@article{kistler91,
	Author = {Kistler, D.J. and Wightman, F.L.},
	Journal = {Journal of the Acoustic Society of America},
	Number = {3},
	Pages = {1637--1647},
	Title = {A model of head-related transfer functions based on principal components analysis and minimum-phase reconstruction},
	Volume = {91},
	Year = {1992}}

@article{kuhfeld90,
	Author = {Kuhfeld, W.F.},
	Journal = {Amer. Statistician},
	Pages = {58--59},
	Title = {Comment on Dawkins (1989)},
	Volume = {44},
	Year = {1990}}

@article{kuhl82,
	Author = {Kuhl, F.P. and Giardina, C.R.},
	Journal = {Computer Graphics and Image Processing},
	Pages = {236--258},
	Title = {Elliptic Fourier features of a closed contour},
	Volume = {18},
	Year = {1982}}

@article{kuhn77,
	Author = {Kuhn, G.F.},
	Journal = {Journal of the Acoustical Society of America},
	Number = {1},
	Pages = {157--167},
	Title = {Model for the interaural time differences in the azimuthal plane},
	Volume = {62},
	Year = {1977}}

@article{kulkarni98,
	Author = {Kulkarni, A. and Colburn, H.S},
	Journal = {Nature},
	Pages = {747--749},
	Title = {Role of spectral detail in sound localization},
	Volume = {396},
	Year = {1998}}

@article{kulkarni04,
	Author = {Kulkarni, A. and Isabelle, S.K and Colburn H.S.},
	Journal = {Journal of the Acoustical Society of America},
	Pages = {1714--1728},
	Title = {Infinite-impulse response models of the head related transfer function},
	Volume = {115},
	Year = {2004}}

@article{kulkarni99,
	Author = {Kulkarni, A. and Isabelle, S.K and Colburn H.S.},
	Journal = {Journal of the Acoustical Society of America},
	Number = {5},
	Pages = {2821--2840},
	Title = {Sensitivity to head-related transfer function phase spectra},
	Volume = {105},
	Year = {1999}}

@article{langendijk02,
	Author = {Langendijk, E.H.A. and Bronkhorst, A.W.},
	Journal = {Journal of the Acoustical Society of America},
	Number = {4},
	Pages = {1583--1596},
	Title = {Contribution of spectral cues to human sound localization},
	Volume = {112},
	Year = {2002}}

@mastersthesis{li03,
	Author = {Li, M.},
	School = {University of Kaiserslautern},
	Title = {Implementation of a model of head-related transfer functions based on principal components analysis and minimum-phase reconstruction},
	Year = {2003}}

@inproceedings{lokki00,
	Author = {Lokki, T. and Karjalainen, M.},
	Journal = {Proceedings of the COST G-6 Conference on Digital Audio Effects (DAFX-00), Verona, Italy},
	Title = {An auditorily motivated analysis method for room implulse responses},
	Year = {2000}}

@article{macpherson02,
	Author = {Macpherson, E.A. and Middlebrooks J.C.},
	Journal = {Journal of the Acoustic Society of America},
	Number = {5},
	Pages = {2219--2236},
	Part = {1},
	Title = {Listener weighting of cues for lateral angle: The duplex theory of sound localization revisited},
	Volume = {111},
	Year = {2002}}

@article{macpherson03,
	Author = {Macpherson, E.A. and Middlebrooks J.C.},
	Journal = {Journal of the Acoustic Society of America},
	Number = {16},
	Pages = {430--445},
	Part = {1},
	Title = {Vertical-plane sound localization probed with ripple-spectrum noise},
	Volume = {114},
	Year = {2003}}

@book{mardia94,
	Author = {Mardia, K.V. and Kent, J.T and Bibby, J.M.},
	Publisher = {Academic Press},
	Title = {Multivariate Analysis},
	Year = {1994}}

@techreport{martin06,
	Author = {Martin, R.L and McAnally, K.I. and Watt, T. and Flanagan, P.},
	Date-Modified = {2008-09-13 22:19:35 +0100},
	Institution = {Defence Science and Technology Organisation},
	Organization = {Australian Government},
	Title = {The Effect of Spectral Variation on Sound Localisation},
	Year = {2006}}

@article{mehrgardt77,
	Author = {Mehrgardt, S. and Mellert, V.},
	Journal = {Journal of the Acoustical Society of America},
	Number = {6},
	Pages = {1567--1576},
	Title = {Transformation characteristics of the external human ear},
	Volume = {61},
	Year = {1977}}

@article{middlebrooks89,
	Author = {Middlebrooks, J.C. and Makous, J.C. and Green, D.M.},
	Journal = {Journal of the Acoustical Society of America},
	Pages = {89--108},
	Title = {Directional sensitivity of sound-pressure levels in the human ear canal},
	Volume = {86},
	Year = {1989}}

@article{middlebrooks91,
	Author = {Middlebrooks, J.C. and Green, D.M.},
	Journal = {Annual Review of Psychology},
	Pages = {135--159},
	Title = {Sound localization by human listeners},
	Volume = {42},
	Year = {1991}}

@article{middlebrooks92a,
	Author = {Middlebrooks, J.C. and Green, D.M.},
	Date-Modified = {2008-09-11 21:59:26 +0100},
	Journal = {Journal of the Acoustical Society of America},
	Pages = {597--599},
	Title = {Observations on a principal components analysis of head-related transfer functions},
	Volume = {92},
	Year = {1992}}

@article{middlebrooks92b,
	Author = {Middlebrooks, J.C.},
	Journal = {Journal of the Acoustical Society of America},
	Pages = {2607--2624},
	Title = {Narrow-band sound localization related to external ear acoustics},
	Volume = {92},
	Year = {1992}}

@article{middlebrooks99,
	Author = {Middlebrooks, J.C.},
	Journal = {Journal of the Acoustical Society of America},
	Number = {3},
	Pages = {1493--1510},
	Title = {Virtual localization improved by scaling nonindividualized external-ear transfer functions in frequency},
	Volume = {106},
	Year = {1999}}

@article{middlebrooks00,
	Author = {Middlebrooks, J.C. and Macpherson, E.A. and Onsan, Z.A.},
	Journal = {Journal of the Acoustical Society of America},
	Number = {6},
	Pages = {3088--3091},
	Title = {Psychophysical customization of directional transfer functions for virtual sound localization},
	Volume = {108},
	Year = {2000}}

@article{mills58,
	Author = {Mills, A.W.},
	Journal = {Journal of the Acoustical Society of America},
	Number = {4},
	Pages = {237--246},
	Title = {On the Minimum Audible Angle},
	Volume = {30},
	Year = {1958}}

@book{mills72,
	Author = {Mills, A. W.},
	Note = {Auditory localization},
	Publisher = {Academic, New York},
	Title = {Foundations of Modern Auditory Theory},
	Year = {1972}}

@article{minor99,
	Author = {le Minor, J.M. and Schmittbuhl, M.},
	Journal = {Surgical and Radiologic Anatomy},
	Number = {6},
	Pages = {387--391},
	Title = {Importance of elliptic Fourier methods for morphometry of complex outlines: applicaiton to the distal human femur},
	Volume = {21},
	Year = {1999}}

@article{moore89,
	Author = {Moore, C.J. and Oldfiled, S.R. and Gary, J.D.},
	Journal = {Journal of the Acoustical Society of America},
	Number = {2},
	Pages = {820--836},
	Title = {Detection and discrimination of spectral peaks and notches at 1 and 8 kHz},
	Volume = {85},
	Year = {1989}}

@article{moore90,
	Author = {Moore, B.C.J. and Peters, R.W. and Glasberg, B.R.},
	Journal = {Journal of the Acoustical Society of America},
	Number = {1},
	Pages = {132--140},
	Title = {Auditory filter shapes at low center frequencies},
	Volume = {88},
	Year = {1990}}

@article{moore97,
	Author = {Moore, B.C.J. and Glasberg, B.R. and Baer, T.},
	Journal = {Journal of the Adio Engineering Society},
	Pages = {224--240},
	Title = {A model for prediction of thresholds, loudness, and partial loudness},
	Volume = {45},
	Year = {1997}}

@article{morimoto01,
	Author = {Morimoto, M. and Motoki, Y. and Kazuhiro, I. and Motokuni, I.},
	Journal = {Journal of the Acoustical Society of America},
	Number = {4},
	Pages = {1596--1603},
	Title = {The contribution of two ears to the perception of vertical angle in sagittal planes},
	Volume = {109},
	Year = {2001}}

@article{morimoto03a,
	Author = {Morimoto, M. and Motoki, Y. and Kazuhiro, I. and Motokuni, I.},
	Date-Modified = {2008-09-13 22:23:26 +0100},
	Journal = {Acoustical Science and Technology},
	Number = {2},
	Pages = {76--82},
	Title = {The role of low frequency components in median plane localization},
	Volume = {24},
	Year = {2003}}

@book{morrison90,
	Author = {Morrison, D.F},
	Publisher = {McGraw-Hill, New York},
	Title = {Multivariate Statistical Methods (3rd Edition)},
	Year = {1990}}

@article{morrongiello87,
	Author = {Morrongiello, B. A. and Rocca, P. T.},
	Journal = {Journal of Experimental Child Psychology},
	Pages = {181-193},
	Title = {Infants' localization of sounds in the median vertical plane: Estimates of minimum audible angle},
	Volume = {43},
	Year = {1987}}

@book{morse68,
	Address = {New Jersey},
	Author = {Morse, P.M. and Ingard, K.U.},
	Publisher = {Princeton University Press},
	Title = {Theoretical Acoustics},
	Year = {1968}}

@article{musicant84a,
	Author = {Musicant, A.D. and Butler, A.R.},
	Date-Modified = {2008-09-13 23:03:51 +0100},
	Journal = {Journal of the Acoustical Society of America},
	Number = {4},
	Pages = {1195--1200},
	Title = {The influence of pinnae-based spectral cues on sound localization},
	Volume = {75},
	Year = {1984}}

@article{nelson01,
	Author = {Nelson, P.A. and Kahana, Y.},
	Journal = {Journal of Sound and Vibration},
	Number = {4},
	Pages = {607--637},
	Title = {Spherical harmonics, singular value decomposition and the head-related transfer function},
	Volume = {239},
	Year = {2001}}

@unpublished{otani04,
	Author = {Otani, M. and Ise, S.},
	Date-Modified = {2008-08-01 17:26:33 +0200},
	Title = {A fast calculation system specialized for the HRTF based on the {BEM}},
	Year = {2004}}

@phdthesis{otten01,
	Author = {Otten, J.},
	School = {University of Oldenburg, Germany},
	Title = {Factors influencing acoustical localization},
	Year = {2001}}

@article{park87,
	Author = {Park, K.S. and Lee, N.S.},
	Journal = {Computers and Biomedical Research},
	Pages = {125--140},
	Title = {A three-dimensional Fourier descriptor for human body representation/reconstruction from serial cross sections},
	Volume = {20},
	Year = {1987}}

@article{pearson1901,
	Author = {Pearson, K.},
	Journal = {Phil. Mag.},
	Number = {6},
	Pages = {559--572},
	Title = {On lines and planes of closest fit to systems of points in space},
	Volume = {2},
	Year = {1901}}

@article{perrott77,
	Author = {Perrott, D.R. and Musicant, A.D.},
	Journal = {Journal of the Acoustical Society of America},
	Pages = {1463--1466},
	Title = {Minimum auditory movement angle: Binaural localization of moving sound sources},
	Volume = {62},
	Year = {1977}}

@article{perrott84,
	Author = {Perrott, D.R},
	Journal = {Journal of the Acoustical Society of America},
	Number = {4},
	Title = {Concurrent minimum audible angle: A re-examination of the concept of auditory spatial acuity},
	Volume = {75},
	Year = {1984}}

@article{perrott88,
	Author = {Perrott, D.R. and Tucker, J.},
	Journal = {Journal of the Acoustical Society of America},
	Number = {4},
	Title = {Minimum audible movement angle as a function of signal frequency and the velocity of the source},
	Volume = {83},
	Year = {1988}}

@article{perrott89a,
	Author = {Perrott, D.R. and Pacheco, S.},
	Journal = {Journal of the Acoustical Society of America},
	Pages = {2669--2672},
	Title = {Minimum audible angle thresholds for broadband noise as a function of the delay between the onset of the lead and lag signals},
	Volume = {85},
	Year = {1989}}

@article{perrott89b,
	Author = {Perrott, D.R. and Marlborough, K.},
	Journal = {Journal of the Acoustical Society of America},
	Number = {4},
	Title = {Minimum audible movement angle: Marking the end points of the path traveled by a moving sound source},
	Volume = {85},
	Year = {1989}}

@article{perrott90,
	Author = {Perrott, D.R. and Saberi, K.},
	Journal = {Journal of the Acoustical Society of America},
	Pages = {1728--1731},
	Title = {Minimum audible angle threshold for sources varying in both elevation and azimuth},
	Volume = {87},
	Year = {1990}}

@article{poon93a,
	Author = {Poon, P. and Brugge, J.F.},
	Journal = {Journal of Neurophysiology},
	Pages = {655--666},
	Title = {Sensitivity of auditory nerve fibers to spectral notches},
	Volume = {70},
	Year = {1993}}

@article{poon93b,
	Author = {Poon, P. and Brugge, J.F.},
	Journal = {Journal of Neurophysiology},
	Pages = {667--676},
	Title = {Virtual-space receptive fields of single auditory nerve fibers},
	Volume = {70},
	Year = {1993}}

@book{preisendorfer88,
	Author = {Preisendorfer, R.W. and Mobley, C.D.},
	Publisher = {Amsterdam: Elsevier},
	Title = {Principal Component Analysis in Meteorology and Oceanography},
	Year = {1988}}

@unpublished{raykar04,
	Author = {Raykar, V.C. and Duraiswami R. and Yegnanarayana B.},
	School = {University of Maryland, USA},
	Title = {Extracting frequencies of the pinna spectral notches in measured head related impulse responses},
	Year = {2004}}

@article{raykar03,
	Author = {Raykar, V.C. and Duraiswami R. and Davis, L. and Yegnanarayana B.},
	Journal = {Proceedings of the 2003 International Conference on Auditory Display},
	Pages = {115--118},
	Title = {Extracting significant features from the HRTF},
	Year = {2003}}

@article{reiss05,
	Author = {Reiss, A.J. and Young, E.D.},
	Journal = {Journal of Neuroscience},
	Number = {14},
	Pages = {3680--3691},
	Title = {Spectral Edge Sensitivity in Neural Circuits of the Dorsal Cochlear Nucleus},
	Volume = {25},
	Year = {2005}}

@article{rodgers81,
	Author = {Rodgers, C.A.},
	Journal = {Journal of the Audio Engineering Society},
	Number = {4},
	Pages = {226--234},
	Title = {Pinna Transformations and Sound Reproduction},
	Volume = {29},
	Year = {1981}}

@article{rodriguez05a,
	Author = {Rodriguez, S. and Ramirez, M.},
	Journal = {Proceedings of the 2005 International Conference on Auditory Display},
	Pages = {269--273},
	Title = {Extracting and modeling approximated pinna-related transfer functions from HRTF data},
	Year = {2005}}

@article{rodriguez05b,
	Author = {Rodriguez, S. and Ramirez, M.},
	Journal = {Proceedings of ICAD 05-Eleventh Meeting of the International Conference on Auditory Display},
	Pages = {336--339},
	Title = {Linear relationships between spectral characteristics and anthropometry of the external ear},
	Year = {2005}}

@article{roman03,
	Author = {Roman, N. and Wang, D. and Brown, G.J.},
	Journal = {Journal of the Acoustical Society of America},
	Number = {4},
	Pages = {2236--2252},
	Part = {1},
	Title = {Speech segregation based on sound localization},
	Volume = {114},
	Year = {2003}}

@article{saberi90,
	Author = {Saberi, K. and Perrott, D. R.},
	Journal = {Journal of the Acoustical Society of America},
	Number = {6},
	Pages = {2639--2644},
	Title = {Minimum audible movement angles as a function of sound source trajectory},
	Volume = {88},
	Year = {1990}}

@article{saberi91,
	Author = {Saberi, K. and Dostal, L. and Sadralodabai, T. and Perrott, D. R.},
	Journal = {Acustica},
	Title = {Minimum audible angles for horizontal, vertical and oblique orientations: Lateral and dorsal planes},
	Volume = {75},
	Year = {1991}}

@article{shailer90,
	Author = {Shailer, M.J. and Moore, R.W. and Glasberg, B.R. and Watson, N.},
	Journal = {Journal of the Acoustical Society of America},
	Number = {1},
	Pages = {131--148},
	Title = {Auditory filter shapes at 8 and 10 kHz},
	Volume = {88},
	Year = {1990}}

@article{shamma96,
	Author = {Shamma, S.A},
	Journal = {Computation in Neural Systems},
	Pages = {439--476},
	Title = {Auditory cortical representation of complex acoustic spectra as inferred from the ripple analysis method},
	Volume = {7},
	Year = {1996}}

@article{shaw68,
	Author = {Shaw, E.A.G. and Teranishi, R.},
	Journal = {Journal of the Acoustical Society of America},
	Pages = {240--249},
	Title = {Sound pressure generated in an external ear replica and real human ears by a nearby point source},
	Volume = {44},
	Year = {1968}}

@article{shaw74,
	Author = {Shaw, E.A.G.},
	Journal = {Journal of the Acoustical Society of America},
	Pages = {1848--1861},
	Title = {Transformation of the sound pressure level from the free field to the eardrum in the horizontal plane},
	Volume = {56},
	Year = {1974}}

@article{shinn98a,
	Author = {Shinn-Cunningham, B.G. and Durlach, N.I. and Held, R.M.},
	Journal = {Journal of the Acoustical Society of America},
	Pages = {3656--3666},
	Part = {6},
	Title = {Adapting to supernormal auditory localization cues. I. Bias and resolution},
	Volume = {103},
	Year = {1998}}

@article{shinn98b,
	Author = {Shinn-Cunningham, B.G. and Durlach, N.I. and Held, R.M.},
	Journal = {Journal of the Acoustical Society of America},
	Pages = {3667--3676},
	Part = {6},
	Title = {Adapting to supernormal auditory localization cues. I. Constraints on adaptation of mean response},
	Volume = {103},
	Year = {1998}}

@article{shinn01,
	Author = {Shinn-Cunningham, B.G. and Streeter, T. and Gyss, J.},
	Journal = {Proceedings of the 2001 International Conference on Auditory Display},
	Pages = {181--184},
	Title = {Perceptual Plasticity in spatial auditory displays},
	Year = {2001}}

@article{supin99,
	Author = {Supin, A.Y. and Popov, V.V and Milekhina, O.N. and Tarakanov, M.B.},
	Journal = {Journal of the Acoustical Society of America},
	Number = {5},
	Pages = {2800--2804},
	Title = {Ripple depth and density resolution of rippled noise},
	Volume = {106},
	Year = {1999}}

@misc{slaney,
	Author = {Slaney, M.},
	Howpublished = {http://cobweb.ecn.purdue.edu/~malcolm/interval/1998-010/},
	Title = {Auditory Toolbox}}

@article{stevens36,
	Author = {Stevens, S.S. and Newman, E.B.},
	Journal = {American Journal of Psychology},
	Number = {2},
	Pages = {297--306},
	Title = {The Localization of Actual Sources of Sound},
	Volume = {48},
	Year = {1936}}

@article{stevenson87,
	Author = {Stevenson, R.G. and Lestrel, P.E. and Read, D.W.},
	Journal = {Americal Journal of Physical Anthropology},
	Number = {2},
	Pages = {257--258},
	Title = {A method for analyzing complex two-dimensional shapes {---} elliptic Fourier functions},
	Volume = {72},
	Year = {1987}}

@article{strybel00,
	Author = {Strybel, T.Z. and Fujimoto, K.},
	Journal = {Journal of the Acoustical Society of America},
	Number = {6},
	Pages = {3092--3095},
	Title = {Minimum audible angles in the horizontal and vertical planes: Effects of stimulus onset asynchrony and burst duration},
	Volume = {108},
	Year = {2000}}

@article{tao03a,
	Author = {Tao, Y. and Tew, A.I. and Porter, S.J.},
	Journal = {Journal of the Audio Engineering Society},
	Number = {7},
	Pages = {647--656},
	Title = {The differential pressure synthesis method for efficient acoustic pressure estimation},
	Volume = {51},
	Year = {2003}}

@article{tao03b,
	Author = {Tao, Y. and Tew, A.I. and Porter, S.J.},
	Journal = {Journal of the Audio Engineering Society},
	Number = {9},
	Pages = {799--805},
	Title = {A study on head-shape simplification using spherical harmonics for HRTF computation at low frequencies},
	Volume = {51},
	Year = {2003}}

@article{trahiotis86,
	Author = {Trahiotis, C. and Bernstein, L.R.},
	Journal = {Journal of the Acoustical Society of America},
	Number = {6},
	Pages = {1950--1957},
	Title = {Laterization of bands of noise and sinusoidally amplitude-modulated tones: Effects of spectral locus and bandwidth},
	Volume = {79},
	Year = {1986}}

@article{viste04,
	Author = {Viste, H. and Evangelista, G.},
	Journal = {Proceedings of the 7th International Conference on Digital Audio Effects (DAFx'04)},
	Pages = {145--150},
	Title = {Binaural Sound Localization},
	Year = {2004}}

@article{wettschurek73,
	Author = {Wettschurek, R. G.},
	Journal = {Acustica},
	Pages = {197-208},
	Title = {Die absoluten Unterschiedswellen der Richtungswahrnehmung in der Medianebene beim nat{\"{u}}rlichen H{\"{o}}ren sowie beim H{\"{o}}ren {\"{u}}ber ein Kunstkopf-{\"{U}}bertragungssystem},
	Volume = {28},
	Year = {1973}}

@article{wu01,
	Author = {Wu, M. and Sheu, H.},
	Journal = {IEEE Transactions on Pattern Analysis and Machine Intelligence},
	Number = {8},
	Pages = {858--836},
	Title = {Representation of 3D surfaces by two-variable Fourier descriptors},
	Volume = {20},
	Year = {2001}}

@article{wightman92,
	Author = {Wightman, F.L. and Kistler, D.J.},
	Journal = {Journal of the Acoustical Society of America},
	Number = {3},
	Pages = {1648--1661},
	Title = {The dominant role of low-frequency interaural time differences in sound localization},
	Volume = {91},
	Year = {1992}}

@book{wilkinson65,
	Author = {Wilkinson, J.H.},
	Publisher = {Oxford: Oxford University Press},
	Title = {The Algebraic Eigenvalue Problem},
	Year = {1965}}

@article{xu00,
	Author = {Xu, L. and Furukawa, S. and Middlebrooks, J.C.},
	Journal = {Acta Otolaryngol},
	Pages = {263--266},
	Title = {Cortical Mechanisms for Auditory Spatial Illusions},
	Volume = {120},
	Year = {2000}}

@article{zahorik06,
	Author = {Zahorik, P. and Bangayan, P. and Sundareswaran, V. and Wang, K. and Tam, C.},
	Journal = {Journal of the Acoustical Society of America},
	Number = {1},
	Pages = {343--359},
	Title = {Perceptual recalibration in human sound localization: Learning to remediate front-back reversals},
	Volume = {120},
	Year = {2006}}

@article{zakarauskas93,
	Author = {Zakarauskas, P. and Cynader, M.S.},
	Journal = {Journal of the Acoustical Society of America},
	Number = {9},
	Pages = {1323--1331},
	Part = {1},
	Title = {A computational theory of spectral cue localization},
	Volume = {94},
	Year = {1993}}

@article{zimmer05,
	Author = {Zimmer, U. and Macaluso, E.},
	Journal = {Neuron},
	Pages = {893--905},
	Title = {High Binaural Coherence Determines Successful Sound Localization and Increased Activity in Posterior Auditory Areas},
	Volume = {47},
	Year = {1993}}

@unpublished{zotkin06,
	Author = {Zotkin, D.N. and Duraiswami, Ramani and Grassi, E. and Gumerov, N.A.},
	Title = {Fast head related transfer function measurement via reciprocity},
	Year = {2006}}

@unpublished{zotkin02,
	Author = {Zotkin, D.N. and Duraiswami, R. and Davis, L.S. and Mohan, A. and Raykar, V.},
	Title = {Virtual audio system customization using visual matching of ear parameters},
	Year = {2002}}

@book{zwicker90,
	Author = {Zwicker, E. and Fastl, H.},
	Publisher = {Springer-Verlag, Heidelberg, Germany},
	Title = {Psychoacoustics: Facts and Models},
	Year = {1990}}
